%% Saved with string encoding Unicode (UTF-8)

@misc{comissao,
    author    = {XAVIER, P. PIRES, J. FRISSO, F. FILHO, C.},
    title     = {Projeto de Avaliação Institucional Avaliação Interna (Auto-Avaliação).},
    publisher = {Bahia},
    year      = {2005}
    }   
    
@article{oliveira-castro,
    author  = {OLIVEIRA-CASTRO, G. LIMA, G. VEIGA, M.},
    title   ={Implantação de um sistema de avaliação de desempenho: métodos e estratégias.},
    year    = {1996},
    journal = {Revista de Administração},
    volume  = {31},
    number  = {3},
    pages   = {38--52}
}
@article{centenaro,
    howpublished ={ http://repositorio.roca.utfpr.edu.br/jspui/bitstream/1/20053/3/FB_DESIDM_I_2014_09.pdf},
    author  = {CENTENARO, J.},
    title   ={DESENVOLVIMENTO DE UM SOFTWARE WEB PARA GERENCIAMENTO DE REQUISITOS DE SOFTWARE},
    year    = {2014},

}

@misc{vale,
    howpublished ={ https://www.voitto.com.br/blog/artigo/o-que-e-hash-e-como-funciona},
    note = {Acessado em 02 Jan, 2022},
    Author = {Vale, Sávio},
    Title = {O que é Hash e como funciona?},
    year = {2020}
    } 

@misc{ifg,
    howpublished ={ http://www.ifg.edu.br/comissoes/cppd},
    note = {Acessado em 02 Jan, 2022},
    Author = {Instituto Federal de Goias},
    Title = {Comissão Permanente de Pessoal Docente},
    year = {2021}
    }     

@manual{souza,
    author = {SOUZA, M.},
    title = {API RESTful com Spring Boot e Java 8},
    publisher = {Kazale IT},
    year = {2021}
}
    
@misc{cronapp,
   howpublished ={ https://blog.cronapp.io/diferencas-entre-product-backlog-e-sprint-backlog},
   note = {Acessado em 06 Jan, 2022},
   Author = {REDAÇÃO CRONAPP},
   Title = {Afinal, quais são as diferenças entre Product Backlog e Sprint Backlog?},
   year = {2021}
   } 
   
@misc{material,
   howpublished ={https://material.angular.io/},
   note = {Acessado em 08 Jan, 2022},
   Author = {GOOGLE LLC},
   Title = {Angular Material - Material Design components for Angular},
   year = {2021}
   } 

@misc{moment,
   howpublished ={https://tableless.com.br/trabalhando-com-moment/},
   note = {Acessado em 08 Jan, 2022},
   Author = {Panzolini, Breno},
   Title = {Datas no JavaScript com Moment.js},
   year = {2018}
   } 

@misc{rxjs,
   howpublished ={https://rxjs.dev/},
   note = {Acessado em 08 Jan, 2022},
   Author = {RxJS},
   Title = {RxJS - Reactive Extensions Library for JavaScript},
   year = {2021}
   } 

@misc{angular,
   howpublished ={https://www.infoworld.com/article/3607428/whats-new-in-angular-12.html},
   note = {Acessado em 08 Jan, 2022},
   Author = {Krill, Paul},
   Title = {O que há de novo no Angular 12},
   year = {2021}
   }
   
@misc{nodejs,
   howpublished ={https://nodejs.org/en/},
   note = {Acessado em 08 Jan, 2022},
   Author = {OpenJS Foundation},
   Title = {Node JS},
   year = {2021}
   } 
   
@misc{mer,
   howpublished ={https://cadernodeprova.com.br/modelo-entidade-relacionamento-mer/},
   note = {Acessado em 09 Jan, 2022},
   Author = {Santos, Pedro},
   Title = {O Que É Modelo Entidade-Relacionamento (MER)?},
   year = {2020}
   } 
   
@misc{microsoft,
   howpublished ={https://www.microsoft.com/pt-br/download/details.aspx?id=55994},
   note = {Acessado em 09 Jan, 2022},
   Author = {Microsoft},
   Title = {Microsoft SQL Server 2017 Express},
   year = {2022}
   } 
   
@misc{patel,
   howpublished ={https://neilpatel.com/br/blog/teste-de-usabilidade/},
   note = {Acessado em 13 Jan, 2022},
   Author = {Patel, Nell},
   Title = {Teste De Usabilidade: O Que É e Como Fazer Passo a Passo},
   year = {2021}
   } 
   
 @misc{uel,
    howpublished = {http://www.uel.br/revistas/uel/index.php/informacao/article/view/5583},
    note = {Acessado em 03 Jan, 2022},
    Author = {Graça, Caldas},
    Title = {Divulgaçao científica e relações de poder.},
    year = {2010}
    }
    
@misc{kamban,
    howpublished = {https://artia.com/kanban/},
    note = {Acessado em 18 Jan, 2022},
    Author = {Espinha, Roberto},
    Title = {Kanban - O que é e TUDO sobre como gerenciar fluxos de trabalho},
    year = {2010}
    }
    
@misc{scrum,
    howpublished = {https://www.atlassian.com/br/agile/scrum},
    note = {Acessado em 21 Jan, 2022},
    Author = {Claire Drumond},
    Title = {O que é o scrum?},
    year = {2022}
    }
@misc{digite,
    howpublished = {https://www.digite.com/pt-br/kanban/o-que-e-kanban/},
    note = {Acessado em 21 Jan, 2022},
    Author = {Digite},
    Title = {O que é Kanban?},
    year = {2022}
    }
    
@misc{desempenho,
    howpublished = {https://www.cin.ufpe.br/~gta/rup-vc/core.base_rup/guidances/concepts/performance_testing_37A31809.html},
    note = {Acessado em 18 Jan, 2022},
    Author = {UFPE},
    Title = {Conceito - Teste de Desempenho},
    year = {2006}
    }
    
@misc{dev,
    howpublished = {https://www.devmedia.com.br/conceitos-fundamentais-de-banco-de-dados/1649},
    note = {Acessado em 18 Jan, 2022},
    Author = {Ricardo},
    Title = {Conceitos Fundamentais de Banco de Dados},
    year = {2006}
    }

@misc{juliana,
    howpublished = {http://www.linhadecodigo.com.br/artigo/2108/evolucao-da-metodologia-do-desenvolvimento-de-sistemas.aspx},
    note = {Acessado em 21 Jan, 2022},
    Author = {Juliana Prado Uchoa},
    Title = {Evolução da metodologia do desenvolvimento de sistemas},
    year = {2022}
    }
    
@misc{totvs,
    howpublished = {https://tdn.totvs.com/display/public/PROT/GCP+-+Google+Cloud+Platform},
    note = {Acessado em 21 Jan, 2022},
    Author = {TOTVS},
    Title = {GCP - Google Cloud Platform},
    year = {2021}
    }