%% Saved with string encoding Unicode (UTF-8)

@misc{comissao,
    author    = {XAVIER, P. PIRES, J. FRISSO, F. FILHO, C.},
    title     = {Projeto de Avaliação Institucional Avaliação Interna (Auto-Avaliação).},
    publisher = {Bahia},
    year      = {2005}
    }   
    
@article{oliveira-castro,
    author  = {OLIVEIRA, G. LIMA, G. VEIGA, M.},
    title   ={Implantação de um sistema de avaliação de desempenho: métodos e estratégias.},
    year    = {1996},
    journal = {Revista de Administração},
    volume  = {31},
    number  = {3},
    pages   = {38--52}
}

@misc{centenaro,
 author  = {Centenaro, J.},
 title   = {Desenvolvimento de um Software Web para Gerenciamento de Requisitos de Software},
 note    = {Monografia (Especialização em Desenvolvimento de Sistemas para Internet e Dispositivos Móveis ), UTFRR (Universidade Tecnológica Federal do Paraná), Francisco Beltrão, Brazil},
 year    = {2014}
}

@misc{vale,
    howpublished ={ https://www.voitto.com.br/blog/artigo/o-que-e-hash-e-como-funciona},
    note = {Acessado em 02 Jan, 2022},
    Author = {Vale, Sávio},
    Title = {O que é Hash e como funciona?},
    year = {2020}
    } 

@misc{cppd,
    howpublished ={http://www.ifg.edu.br/comissoes/cppd},
    note = {Acessado em 02 Jan, 2022},
    Author = {Comissão Permanente de Pessoal Docente},
    Title = {Comissão Permanente de Pessoal Docente},
    year = {2021}
    }   
    
@misc{ifg,
    howpublished={https://www.ifg.edu.br/comunicados/21804-avaliacao-docente-daa},
    note = {Acessado em 05 Set, 2022},
    Author = {Instituto Federal de Goias},
    Title = {Avaliação Docente - DAA},
    year = {2021}
    }  


@manual{souza,
    author = {SOUZA, M.},
    title = {API RESTful com Spring Boot e Java 8},
    publisher = {Kazale IT},
    year = {2021}
}
    
@misc{cronapp,
   howpublished ={ https://blog.cronapp.io/diferencas-entre-product-backlog-e-sprint-backlog},
   note = {Acessado em 06 Jan, 2022},
   Author = {Redação Cronapp},
   Title = {Afinal, quais são as diferenças entre Product Backlog e Sprint Backlog?},
   year = {2021}
   } 
   
@misc{material,
   howpublished ={https://material.angular.io/},
   note = {Acessado em 08 Jan, 2022},
   Author = {Google LLC},
   Title = {Angular Material - Material Design components for Angular},
   year = {2021}
   } 

@misc{moment,
   howpublished ={https://tableless.com.br/trabalhando-com-moment/},
   note = {Acessado em 08 Jan, 2022},
   Author = {Panzolini, Breno},
   Title = {Datas no JavaScript com Moment.js},
   year = {2018}
   } 

@misc{rxjs,
   howpublished ={https://rxjs.dev/},
   note = {Acessado em 08 Jan, 2022},
   Author = {RxJS},
   Title = {RxJS - Reactive Extensions Library for JavaScript},
   year = {2021}
   } 

@misc{angular,
   howpublished ={https://www.infoworld.com/article/3607428/whats-new-in-angular-12.html},
   note = {Acessado em 08 Jan, 2022},
   Author = {Krill, Paul},
   Title = {O que há de novo no Angular 12},
   year = {2021}
   }
   
@misc{nodejs,
   howpublished ={https://nodejs.org/en/},
   note = {Acessado em 08 Jan, 2022},
   Author = {OpenJS Foundation},
   Title = {Node JS},
   year = {2021}
   } 
   
@misc{mer,
   howpublished ={https://cadernodeprova.com.br/modelo-entidade-relacionamento-mer/},
   note = {Acessado em 09 Jan, 2022},
   Author = {Santos, Pedro},
   Title = {O Que É Modelo Entidade-Relacionamento (MER)?},
   year = {2020}
   } 
   
@misc{microsoft,
   howpublished ={https://www.microsoft.com/pt-br/download/details.aspx?id=55994},
   note = {Acessado em 09 Jan, 2022},
   Author = {Microsoft},
   Title = {Microsoft SQL Server 2017 Express},
   year = {2022}
   } 
   
@misc{patel,
   howpublished ={https://neilpatel.com/br/blog/teste-de-usabilidade/},
   note = {Acessado em 13 Jan, 2022},
   Author = {Patel, Nell},
   Title = {Teste De Usabilidade: O Que É e Como Fazer Passo a Passo},
   year = {2021}
   } 
   
 @misc{uel,
    howpublished = {http://www.uel.br/revistas/uel/index.php/informacao/article/view/5583},
    note = {Acessado em 03 Jan, 2022},
    Author = {Graça, Caldas},
    Title = {Divulgaçao científica e relações de poder.},
    year = {2010}
    }
    
@misc{kanban,
    howpublished = {https://artia.com/kanban/},
    note = {Acessado em 18 Jan, 2022},
    Author = {Espinha, Roberto},
    Title = {Kanban - O que é e TUDO sobre como gerenciar fluxos de trabalho},
    year = {2010}
    }
    
@misc{scrum,
    howpublished = {https://www.atlassian.com/br/agile/scrum},
    note = {Acessado em 21 Jan, 2022},
    Author = {Claire Drumond},
    Title = {O que é o scrum?},
    year = {2022}
    }
    
@misc{digite,
    howpublished = {https://www.digite.com/pt-br/kanban/o-que-e-kanban/},
    note = {Acessado em 21 Jan, 2022},
    Author = {Digite},
    Title = {O que é Kanban?},
    year = {2022}
    }
    
@misc{desempenho,
    howpublished = {https://www.cin.ufpe.br/~gta/rup-vc/core.base_rup/guidances/concepts/performance_testing_37A31809.html},
    note = {Acessado em 18 Jan, 2022},
    Author = {UFPE},
    Title = {Conceito - Teste de Desempenho},
    year = {2006}
    }
    
@misc{dev,
    howpublished = {https://www.devmedia.com.br/conceitos-fundamentais-de-banco-de-dados/1649},
    note = {Acessado em 18 Jan, 2022},
    Author = {Ricardo},
    Title = {Conceitos Fundamentais de Banco de Dados},
    year = {2006}
    }

@misc{juliana,
    howpublished = {http://www.linhadecodigo.com.br/artigo/2108/evolucao-da-metodologia-do-desenvolvimento-de-sistemas.aspx},
    note = {Acessado em 21 Jan, 2022},
    Author = {Juliana Prado Uchoa},
    Title = {Evolução da metodologia do desenvolvimento de sistemas},
    year = {2022}
    }

@misc{requisitosSoftware,
    howpublished = {http://www.gestaouniversitaria.com.br/},
    note = {Acessado em 13 Set, 2022},
    Author = {Mendes, L. Costa, R. Lorenso, R.},
    Title = {O Gerenciamento de Requisitos e a sua Impportâcia Em Projetos de Desenvolvimento de Software},
    year = {2022}
    }
    
@misc{totvs,
    howpublished = {https://tdn.totvs.com/display/public/PROT/GCP+-+Google+Cloud+Platform},
    note = {Acessado em 21 Jan, 2022},
    Author = {TOTVS},
    Title = {GCP - Google Cloud Platform},
    year = {2021}
    }
    
@misc{azevedo,
   howpublished ={https://mari-azevedo.medium.com/construindo-uma-api-restful-com-java-e-spring-framework-46b74371d107},
   note = {Acessado em 12 Jul, 2022},
   Author = {Azevedo, Mariana},
   Title = {Construindo uma API RESTful com Java e Spring Framework},
   year = {2019}
   } 
   
@misc{macedo,
   howpublished = {https://www.diegomacedo.com.br/entendendo-as-chaves-dos-bancos-de-dados/},
   note = {Acessado em 13 Jul, 2022},
   Author = {Macêdo, Diego},
   Title = {Entendendo as Chaves dos Bancos de Dados},
   year = {2011}
   } 
   
@article{wiegers,
    author = {Wiegers, Karl},
    year = {2003},
    month = {01},
    pages = {},
    title = {Software Requirements: Practical techniques for gathering and managing requirements throughout the product development cycle. 2nd Edition}
}

@misc{ventura,
   howpublished = {https://www.ateomomento.com.br/o-que-e-caso-de-uso/},
   note = {Acessado em 13 Set, 2022},
   Author = {Ventura, Plinio},
   Title = {Entendendo definitivamente o que é um Caso de Uso},
   year = {2011}
   } 
   
@misc{ole,
   howpublished = {https://olemortenamundsen.wordpress.com/2010/03/19/kanban-and-scrum-combined/},
   note = {Acessado em 14 Set, 2022},
   Author = {Amundsen, Ole},
   Title = {KANBAN e SCRUM, combinados!},
   year = {2010}
   } 
   
@misc{klaus,
   howpublished = {https://klauslaube.com.br/2018/03/15/swagger-na-pratica.html},
   note = {Acessado em 15 Set, 2022},
   Author = {Laube, Klaus},
   Title = {Swagger na prática},
   year = {2018}
   } 
   
@article{cavalcanti,
    author = {Cavalcanti, Thiago},
    year = {2015},
    month = {01},
    pages = {},
    title = {Mapeamento do Modelo Entidade Relacionamento (ER) para o Modelo Relacional}
}


@misc{souzaIvan,
   howpublished = {https://rockcontent.com/br/blog/phpmyadmin/},
   note = {Acessado em 26 Set, 2022},
   Author = {Souza, Ivan},
   Title = {phpMyAdmin: saiba o que é e aprenda como instalar e criar um banco de dados nele},
   year = {2020}
   } 
   
@article{bordallo,
    author = {Bordallo, Bill},
    year = {2021},
    month = {02},
    pages = {01},
    title = {O que é banco de dados e qual o seu papel na hospedagem de sites}
}
 
@misc{diasW,
   howpublished ={ http://www2.decom.ufop.br/terralab/documentando-sua-api-rest-com-swagger/},
   note = {Acessado em 27 Set, 2022},
   Author = {Dias, Wesley},
   Title = {Documentando sua API Rest com Swagger},
   year = {2021}
   } 
   
@misc{reitoria,
    howpublished={http://ifg.edu.br/attachments/article/209/RESOLUÇÃO\%2045\%202021\%20-\%REI-CONSUP_REITORIA_IFG.pdf},
    note = {Acessado em 17 Set, 2022},
    Author = {Instituto Federal de Goias - Reitoria},
    Title = {RESOLUÇÃO 45/2021 - REI-CONSUP/REITORIA/IFG},
    year = {2021}
    }  

@book{bresser,
    author={Bresser-Pereira, Luiz Carlos },
    title={Gestão do setor público: estratégia e estrutura para um novo
    Estado},
    publisher={Fundação Getúlio Vargas: 21-38},
    year={2006}
}

@misc{lei9394,
    howpublished={https://www.planalto.gov.br/ccivil_03/leis/l9394.htm},
    Author = {Brasil, FERNANDO HENRIQUE CARDOSO},
    Title = {Estabelece as diretrizes e bases da educação nacional},
    note = {Acessado em 17 Set, 2022},
    year = {1996}
    } 
    
@misc{lei12772,
    howpublished={http://www.planalto.gov.br/ccivil_03/_ato2011-2014/2012/lei/l12772.htm},
    Author = {Brasil, DILMA ROUSSEFF},
    Title = {Plano de Carreiras e Cargos de Magistério Federal},
    note = {Acessado em 05 Dez, 2022},
    year = {2012}
    } 

@misc{lei12863,
    howpublished={https://www.planalto.gov.br/ccivil_03/_ato2011-2014/2013/lei/l12863.htm},
    Author = {Brasil, MICHEL TEMER},
    Title = {Restruturação do Plano de Carreiras e Cargos de Magistério Federal},
    note = {Acessado em 05 Dez, 2022},
    year = {2013}
    }  

@misc{regimento,
    howpublished={https://www.ifg.edu.br/attachments/article/123/regimento_122015.pdf},
    Author = {SILVA, JERONIMO},
    Title = {Regimento Geral},
    note = {Acessado em 05 Dez, 2022},
    year = {2012}
    } 

@misc{resolucao,
    howpublished={http://www.ifg.edu.br/component/content/article/70-ifg/a-instituicao/conselhos/conselho-superior/209-consup?showall=&start=4},
    Author = {Ferreira, Adriana},
    Title = {Regimento Geral},
    note = {Acessado em 05 Dez, 2022},
    year = {2018}
    } 

@misc{rehkopf,
    howpublished={https://www.atlassian.com/br/agile/kanban/boards},
    Author = {Rehkopf, Max},
    Title = {O que é um painel Kanban?},
    note = {Acessado em 07 Dez, 2022},
    year = {2019}
    } 
    
@book{marc,
    author={Marc, Maxmeister},
    title={Trello for Project Management},
    publisher={amazonKindle},
    year={2014}
}

@book{plinio,
    author={Balduino, Plínio},
    title={Dominando JavaSript com jQuery},
    publisher={Cada do Código},
    year={2012}
}

@misc{tdd,
    howpublished={https://www.devmedia.com.br/junit-tutorial/1432},
    Author = {Manoel},
    Title = {JUnit Tutorial},
    note = {Acessado em 09 Dez, 2022},
    year = {2009}
    } 
    
@misc{higa,
    howpublished={https://www.techtudo.com.br/noticias/2012/02/o-que-e-xampp-e-para-que-serve.ghtml},
    Author = {Higa, Paulo},
    Title = {O que é XAMPP e para que serve},
    note = {Acessado em 13 Dez, 2022},
    year = {2012}
    } 

@misc{rodrigues,
    howpublished={http://www.linhadecodigo.com.br/artigo/3712/testando-servicos-web-api-com-postman.aspx},
    Author = {Rodrigues, Joel},
    Title = {Testando serviços Web API com Postman},
    note = {Acessado em 13 Dez, 2022},
    year = {2014}
    } 

@misc{jonatan,
    howpublished={https://resultadosdigitais.com.br/marketing/metodologia-agil/},
    Author = {Jonatan, Rodrigues},
    Title = {Metodologia Ágil: descubra o que é, os principais tipos + 6 funções que ela cumpre nos projetos de qualquer área},
    note = {Acessado em 17 Dez, 2022},
    year = {2020}
    } 

@misc{venturaP,
    howpublished={https://www.ateomomento.com.br/caso-de-uso-include-extend-e-generalizacao/},
    Author = {Plinio, Ventura},
    Title = {Caso de Uso – Include, Extend e Generalização},
    note = {Acessado em 20 Dez, 2022},
    year = {2014}
    } 

@misc{noleto,
    howpublished={https://blog.betrybe.com/framework-de-programacao/angular-material/},
    Author = {Noleto, Cairo},
    Title = {Angular Material: como instalar e usar? Primeiros passos!},
    note = {Acessado em 21 Dez, 2022},
    year = {2022}
    } 